<record><leader>00000cas a2200000 a 4500</leader><controlfield tag="001">27928185</controlfield><controlfield tag="008">930415d18891919cauwr ne      0    0eng c</controlfield><datafield ind1=" " ind2=" " tag="010"><subfield code="a">sn 93051480 </subfield></datafield><datafield ind1=" " ind2=" " tag="040"><subfield code="a">CUY</subfield><subfield code="b">eng</subfield><subfield code="c">CNK</subfield><subfield code="d">OCLCQ</subfield><subfield code="d">CNK</subfield><subfield code="d">OCLCQ</subfield><subfield code="d">OCLCF</subfield><subfield code="d">OCLCO</subfield></datafield><datafield ind1="1" ind2=" " tag="029"><subfield code="a">AU@</subfield><subfield code="b">000020735956</subfield></datafield><datafield ind1=" " ind2=" " tag="042"><subfield code="a">pcc</subfield></datafield><datafield ind1=" " ind2=" " tag="043"><subfield code="a">n-us-ca</subfield></datafield><datafield ind1="0" ind2=" " tag="130"><subfield code="a">Santa Maria times (Santa Maria, Calif. : 1889)</subfield></datafield><datafield ind1="1" ind2="4" tag="245"><subfield code="a">The Santa Maria times.</subfield></datafield><datafield ind1=" " ind2=" " tag="260"><subfield code="a">Santa Maria, Santa Barbara Co., Cal. :</subfield><subfield code="b">Jenkins and McGuire</subfield></datafield><datafield ind1=" " ind2=" " tag="300"><subfield code="a">v.</subfield></datafield><datafield ind1=" " ind2=" " tag="310"><subfield code="a">Weekly,</subfield><subfield code="b">June 24, 1916-May 3, 1919</subfield></datafield><datafield ind1=" " ind2=" " tag="321"><subfield code="a">Frequency varies,</subfield><subfield code="b">Apr. 6, 1889-June 17,1916</subfield></datafield><datafield ind1="0" ind2=" " tag="362"><subfield code="a">Vol. 8, no. 1 (Apr. 6, 1889)-v. 37, no. 54 (May 3, 1919).</subfield></datafield><datafield ind1=" " ind2=" " tag="530"><subfield code="a">Master negatives are available for duplication from:</subfield><subfield code="b">California Newspaper Microfilm Archive;</subfield><subfield code="c">positive copies may be purchased by the reel; for further information consult the CNMA at:</subfield><subfield code="u">http://cbsr.ucr.edu</subfield></datafield><datafield ind1=" " ind2="0" tag="651"><subfield code="a">Santa Maria (Calif.)</subfield><subfield code="v">Newspapers.</subfield></datafield><datafield ind1=" " ind2="7" tag="655"><subfield code="a">Newspapers.</subfield><subfield code="2">fast</subfield><subfield code="0">(OCoLC)fst01423814</subfield></datafield><datafield ind1=" " ind2="7" tag="651"><subfield code="a">California</subfield><subfield code="z">Santa Maria.</subfield><subfield code="2">fast</subfield><subfield code="0">(OCoLC)fst01214308</subfield></datafield><datafield ind1=" " ind2=" " tag="752"><subfield code="a">United States</subfield><subfield code="b">California</subfield><subfield code="c">Santa Barbara</subfield><subfield code="d">Santa Maria.</subfield></datafield><datafield ind1="0" ind2=" " tag="775"><subfield code="t">Santa Maria times (Santa Maria, Calif. : Daily)</subfield><subfield code="w">(DLC)sn 95061862</subfield></datafield><datafield ind1="0" ind2=" " tag="775"><subfield code="t">Santa Maria daily times (Santa Maria, Calif. : 1918)</subfield><subfield code="w">(DLC)sn 95061860</subfield></datafield><datafield ind1="0" ind2="0" tag="780"><subfield code="t">Santa Maria semi-weekly times</subfield><subfield code="w">(DLC)sn 86064453</subfield></datafield></record>